<?xml version="1.0" encoding="UTF-8"?><collection xmlns="http://www.loc.gov/MARC21/slim"><record><leader>00556nam--2200157-i-4500</leader><controlfield tag="001">000023879</controlfield><controlfield tag="002">20161230</controlfield><controlfield tag="005">20161230201035</controlfield><controlfield tag="008">060222s1000------------r-----000-0-fre-d</controlfield><datafield ind1=" " ind2=" " tag="040"><subfield code="a">IFIN-HH</subfield></datafield><datafield ind1=" " ind2=" " tag="080"><subfield code="a">533.9.08:53.082.74(043)</subfield></datafield><datafield ind1="1" ind2=" " tag="100"><subfield code="a">Iordanescu, Anca</subfield></datafield><datafield ind1="1" ind2="0" tag="245"><subfield code="a">Determinarea parametrilor plasmei prin studiul radiatiei electromagnetice de lungimi de unda scurte</subfield><subfield code="b">Teza</subfield><subfield code="c">Anca iordanescu</subfield></datafield><datafield ind1=" " ind2=" " tag="260"><subfield code="a">Bucuresti,, 1979. 160p</subfield><subfield code="b">Institutul De Fizica Si Tehnologia Aparatelor Cu Radiatii</subfield><subfield code="c">1978</subfield></datafield><datafield ind1=" " ind2=" " tag="852"><subfield code="a">47135</subfield><subfield code="c">533.9</subfield></datafield><datafield ind1=" " ind2=" " tag="CAT"><subfield code="a">Sys</subfield><subfield code="c">20110117</subfield><subfield code="h">110428</subfield></datafield></record></collection>